<record><leader>00000cas a22000007a 4500</leader><controlfield tag="001">13139159</controlfield><controlfield tag="008">860211d19241928wiuwr ne      0    0eng d</controlfield><datafield ind1=" " ind2=" " tag="010"><subfield code="a">sn 86086102 </subfield></datafield><datafield ind1=" " ind2=" " tag="040"><subfield code="a">NPV</subfield><subfield code="b">eng</subfield><subfield code="c">NPV</subfield><subfield code="d">OCLCQ</subfield></datafield><datafield ind1=" " ind2=" " tag="042"><subfield code="a">msc</subfield></datafield><datafield ind1=" " ind2=" " tag="045"><subfield code="a">x2x2</subfield></datafield><datafield ind1=" " ind2=" " tag="052"><subfield code="a">4123</subfield><subfield code="b">F7</subfield></datafield><datafield ind1="0" ind2="4" tag="245"><subfield code="a">The Forest republican, Wabeno-Soperton advertiser.</subfield></datafield><datafield ind1="1" ind2="3" tag="246"><subfield code="a">Forest republican</subfield></datafield><datafield ind1="1" ind2="3" tag="246"><subfield code="a">Wabeno-Soperton advertiser</subfield></datafield><datafield ind1=" " ind2=" " tag="260"><subfield code="a">Crandon, Wis. :</subfield><subfield code="b">C.J. Hansen,</subfield><subfield code="c">-1928.</subfield></datafield><datafield ind1=" " ind2=" " tag="300"><subfield code="a">v. :</subfield><subfield code="b">ill.</subfield></datafield><datafield ind1=" " ind2=" " tag="310"><subfield code="a">Weekly</subfield></datafield><datafield ind1="0" ind2=" " tag="362"><subfield code="a">-v. 41, no. 42 (Apr. 19, 1928).</subfield></datafield><datafield ind1="1" ind2=" " tag="362"><subfield code="a">Began 1924?</subfield></datafield><datafield ind1=" " ind2=" " tag="500"><subfield code="a">Editors: C.J. Hansen, &lt;Jan. 1, 1925&gt;-May 14, 1925; H. Kronschnabl, June 4, 1925-April 19, 1928.</subfield></datafield><datafield ind1=" " ind2=" " tag="530"><subfield code="a">Available on microfilm from The State Historical Society of Wisconsin.</subfield></datafield><datafield ind1=" " ind2=" " tag="580"><subfield code="a">Absorbed Wabeno-Soperton advertiser (Wabeno, Wis.) in 1924?</subfield></datafield><datafield ind1=" " ind2=" " tag="588"><subfield code="a">Description based on: Vol. 39, no. 16 (Jan. 1, 1925).</subfield></datafield><datafield ind1=" " ind2=" " tag="752"><subfield code="a">United States</subfield><subfield code="b">Wisconsin</subfield><subfield code="c">Forest</subfield><subfield code="d">Crandon.</subfield></datafield><datafield ind1=" " ind2=" " tag="752"><subfield code="a">United States</subfield><subfield code="b">Wisconsin</subfield><subfield code="c">Forest</subfield><subfield code="d">Wabeno.</subfield></datafield><datafield ind1=" " ind2=" " tag="752"><subfield code="a">United States</subfield><subfield code="b">Wisconsin</subfield><subfield code="c">Forest</subfield><subfield code="d">Soperton.</subfield></datafield><datafield ind1="1" ind2="5" tag="780"><subfield code="t">Wabeno-Soperton advertiser</subfield></datafield><datafield ind1="0" ind2="0" tag="785"><subfield code="t">Forest republican</subfield><subfield code="w">(DLC)sn 86086101</subfield></datafield></record>